<record><leader>00000cas a2200000 a 4500</leader><controlfield tag="001">12254848</controlfield><controlfield tag="008">850711d1866186umiuwr ne      0    0eng c</controlfield><datafield ind1=" " ind2=" " tag="010"><subfield code="a">sn 85033777 </subfield></datafield><datafield ind1=" " ind2=" " tag="040"><subfield code="a">NPU</subfield><subfield code="b">eng</subfield><subfield code="c">NPU</subfield><subfield code="d">NPX</subfield><subfield code="d">NVF</subfield><subfield code="d">MGN</subfield><subfield code="d">MHN</subfield><subfield code="d">OCL</subfield><subfield code="d">OCLCQ</subfield><subfield code="d">OCLCF</subfield><subfield code="d">OCLCO</subfield></datafield><datafield ind1=" " ind2=" " tag="042"><subfield code="a">pcc</subfield></datafield><datafield ind1=" " ind2=" " tag="043"><subfield code="a">n-us-mi</subfield></datafield><datafield ind1="0" ind2=" " tag="130"><subfield code="a">Ovid register (Ovid, Mich. : 1866)</subfield></datafield><datafield ind1="1" ind2="4" tag="245"><subfield code="a">The Ovid register.</subfield></datafield><datafield ind1=" " ind2=" " tag="260"><subfield code="a">Ovid, Mich. :</subfield><subfield code="b">J.H. Wickwire</subfield></datafield><datafield ind1=" " ind2=" " tag="300"><subfield code="a">v. ;</subfield><subfield code="c">67 cm.</subfield></datafield><datafield ind1=" " ind2=" " tag="310"><subfield code="a">Weekly</subfield></datafield><datafield ind1="1" ind2=" " tag="362"><subfield code="a">Began July 1, 1866. Cf. Hist. of the press of Mich., 1876.</subfield></datafield><datafield ind1=" " ind2=" " tag="500"><subfield code="a">Publishers: J.H. Wickwire, &lt;1867&gt;.</subfield></datafield><datafield ind1=" " ind2=" " tag="500"><subfield code="a">Republican, &lt;1867&gt;.</subfield></datafield><datafield ind1=" " ind2=" " tag="500"><subfield code="a">Independent, &lt;Sept. 4, 1867-Jan. 30, 1868&gt;.</subfield></datafield><datafield ind1=" " ind2=" " tag="588"><subfield code="a">Description based on: Vol. 1, no. 43 (Feb. 21, 1867).</subfield></datafield><datafield ind1=" " ind2="0" tag="651"><subfield code="a">Ovid (Mich.)</subfield><subfield code="v">Newspapers.</subfield></datafield><datafield ind1=" " ind2="0" tag="651"><subfield code="a">Clinton County (Mich.)</subfield><subfield code="v">Newspapers.</subfield></datafield><datafield ind1=" " ind2="7" tag="655"><subfield code="a">Newspapers.</subfield><subfield code="2">fast</subfield><subfield code="0">(OCoLC)fst01423814</subfield></datafield><datafield ind1=" " ind2="7" tag="651"><subfield code="a">Michigan</subfield><subfield code="z">Clinton County.</subfield><subfield code="2">fast</subfield><subfield code="0">(OCoLC)fst01214774</subfield></datafield><datafield ind1=" " ind2="7" tag="651"><subfield code="a">Michigan</subfield><subfield code="z">Ovid.</subfield><subfield code="2">fast</subfield><subfield code="0">(OCoLC)fst01236776</subfield></datafield><datafield ind1=" " ind2=" " tag="752"><subfield code="a">United States</subfield><subfield code="b">Michigan</subfield><subfield code="c">Clinton</subfield><subfield code="d">Ovid.</subfield></datafield><datafield ind1="0" ind2="0" tag="785"><subfield code="a">Ovid weekly register</subfield><subfield code="w">(DLC)sn 96077370</subfield><subfield code="w">(OCoLC)36106896</subfield></datafield></record>